<?xml version="1.0" encoding="UTF-8"?><collection xmlns="http://www.loc.gov/MARC21/slim"><record><leader>00292nam--2200109-i-4500</leader><controlfield tag="001">000021776</controlfield><controlfield tag="002">20161230</controlfield><controlfield tag="005">20161230201034</controlfield><controlfield tag="008">060222s1000------------r-----000-0-eng-d</controlfield><datafield ind1=" " ind2=" " tag="245"><subfield code="a">On high energy neutrino physics</subfield></datafield><datafield ind1=" " ind2=" " tag="260"><subfield code="a">Dubna, /Joint Institute For Nuclear Research/, 1960, 95 P</subfield></datafield><datafield ind1=" " ind2=" " tag="852"><subfield code="a">7082</subfield></datafield></record></collection>